@misc{briot,
      title={Deep Learning Techniques for Music Generation -- A Survey}, 
      author={Jean-Pierre Briot and Gaëtan Hadjeres and François-David Pachet},
      year={2019},
      eprint={1709.01620},
      archivePrefix={arXiv},
      primaryClass={cs.SD}
}
